@book{glm_bayesian_perspective_whole_book,
   title =     {{Generalized Linear Models: A Bayesian Perspective}},
   author =    {James Albert and others},
   publisher = {Marcel Dekker Inc.},
   isbn =      {0-824 7-9034-0},
   year =      {2000},
   series =    {},
   edition =   {1},
   volume =    {},
}



@book{atkinson_woods,
   title =     {{Designs for Generalized Linear Models}},
   author =    {Anthony C. Atkinson and
                David C. Woods},
   publisher = {Chapman and Hall},
   isbn =      {},
   year =      {2013},
   series =    {Handbook of Design and Analysis of Experiments},
   edition =   {1},
   volume =    {},
   url =       {}
}



@article{bernardo_samplesize,
  author =       {José M. Bernardo},
  title =        {{Statistical Inference as a Decision Problem: The Choice of Sample Size}},
  journal =      "The Statistician",
  volume =       "46",
  number =       "2",
  pages =        "151-153",
  year =         "1997"
}


@article{bernardo_informationasutility,
  author =       {José M. Bernardo},
  title =        {{Expected Information as Expected Utility}},
  journal =      {The Annals of Statistics},
  volume =       "7",
  number =       "3",
  pages =        "686-690",
  year =         "1979"
}



@article{bernardo_referenceposteriors,
  author =       {José M. Bernardo},
  title =        {{Reference Posterior Distributions for Bayesian Inference}},
  journal =      {Journal of the Royal Statistical Society. Series B (Methodological)},
  volume =       "41",
  number =       "2",
  pages =        "113-147",
  year =         "1979"
}



@book{bernardo_smith,
   title =     {{Bayesian Theory}},
   author =    {José M. Bernardo and
   				Adrian F. M. Smith},
   publisher = {John Wiley \& Sons},
   isbn =      {047149464X, 9780471494645},
   year =      {2000},
   series =    {Wiley Series in Probability and Statistics},
   edition =   {3},
   volume =    {},
}



@book{box_draper,
   title =     {{Response Surfaces, Mixtures, and Ridge Analyses}},
   author =    {George. E. P. Box and
   				Norman R Draper},
   publisher = {John Wiley \& Sons},
   isbn =      {978-0-470-05357-7},
   year =      {2007},
   series =    {},
   edition =   {2},
   volume =    {},
}




@book{box_hunter_hunter,
   title =     {{Statistics for Experimenters: Design, Innovation, and Discovery}},
   author =    {George. E. P. Box and
   				J. Stuart Hunter and
                William G. Hunter},
   publisher = {John Wiley \& Sons},
   isbn =      {978-0471718130},
   year =      {2005},
   series =    {Wiley Series in Probability and Statistics},
   edition =   {2},
   volume =    {},
}



@article{box_liu_helicopter,
  author =       {George E. P. Box and
  				  Patrick Y. T. Liu},
  title =        {{Statistics as a Catalyst to Learning by Scientific Method Part I--An Example}},
  journal =      "Journal of Quality Technology",
  volume =       "31",
  number =       "1",
  pages =        "1-15",
  year =         "1999"
}





@article{casella_george,
  author =       "George Casella and
  				  Edward I. George",
  title =        {{Explaining the Gibbs Sampler}},
  journal =      "The American Statistician",
  volume =       "46",
  number =       "3",
  pages =        "167-174",
  year =         "1992"
}




@article{chaloner_verdinelli_doe,
  author =       "Kathryn Chaloner and
  				  Isabella Verdinelli",
  title =        {{Bayesian Experimental Design: A Review}},
  journal =      "Statistical Science",
  volume =       "10",
  number =       "3",
  pages =        "273-304",
  year =         "1995"
}



@article{chib_mh_history,
  author =  "Siddhartha Chib and
  		     Edward Greenberg",
  title =        {{Understanding the Metropolis-Hastings Algorithm}},
  journal =      "The American Statistician",
  volume =       "49",
  number =       "4",
  pages =        "327--335",
  year =         "1995",
}



@book{fisher_doe,
   title =     {{The Design of Experiments}},
   author =    {Ronald A. Fisher},
   publisher = {Hafner Publishing Company},
   isbn =      {},
   year =      {1935},
   series =    {},
   edition =   {8},
   volume =    {},
   url =       {}
}



@book{glm_bayesian_view,
   title =     {{Generalized Linear Models: A Bayesian View}},
   author =    {Alan E. Gelfand and
   			    M. Gosh},
   publisher = {Marcel Dekker Inc.},
   isbn =      {0-824 7-9034-0},
   year =      {2000},
   series =    {},
   edition =   {1},
   volume =    {},
}



@article{gelfand_y_smith,
  author =  "Alan E. Gelfand and
  		     Adrian F. Smith",
  title =        {{Sampling-Based Approaches to Calculating Marginal Densities}},
  journal =      "Journal of the American Statistical Association",
  volume =       "85",
  number =       "410",
  pages =        "398--409",
  year =         "1990",
}


@article{geman_y_geman,
  author =  "Stuart Geman and
  		     Donald Geman",
  title =        {{Stochastic Relaxation, Gibbs Distributions, and the Bayesian Restoration of Images}},
  journal =      "IEEE Transactions on Pattern Analysis and Machine Intelligence",
  volume =       "6",
  number =       "6",
  pages =        "721-741",
  year =         "1984",
}



@book{notas_lm_egp,
   title =     {{Análisis Bayesiano de Modelos Jerárquicos Lineales}},
   author =    {Eduardo Gutiérrez-Peña},
   publisher = {Instituto de Investigaciones en Matemáticas Aplicadas y Sistemas, Universidad Nacional Autónoma de México},
   year =      {2016}
}


@book{notas_bayes_egp,
   title =     {{Estadística Bayesiana}},
   author =    {Eduardo Gutiérrez-Peña},
   publisher = {Instituto de Investigaciones en Matemáticas Aplicadas y Sistemas, Universidad Nacional Autónoma de México},
   year =      {2016}
}


@book{notas_mcmc_egp,
   title =     {{Métodos Computacionales en la Inferencia Bayesiana}},
   author =    {Eduardo Gutiérrez-Peña},
   publisher = {Instituto de Investigaciones en Matemáticas Aplicadas y Sistemas, Universidad Nacional Autónoma de México},
   year =      {2016}
}



@article{hitchcock_mh_history,
  author =  "David B. Hitchcock",
  title =        {{A History of the Metropolis-Hastings Algorithm}},
  journal =      "The American Statistician",
  volume =       "57",
  number =       "4",
  pages =        "254--257",
  year =         "2003",
}



@article{johnson_montgomery_glm_doe,
  author =  "Rachel T. Johnson and
  		     Douglas C. Montgomery",
  title =        {{Designing Experiments for Nonlinear Models — An Introduction}},
  journal =      "Quality and Reliability Engineering International",
  volume =       "26",
  number =       "8",
  pages =        "431-441",
  year =         "2009",
}



@article{khuri_etal_glm_doe,
  author =       "André I. Khuri and
  				  Bhramar Mukherjee and
  			      Bikas K. Sinha and
  				  Malay Ghosh",
  title =        {{Design Issues for Generalized Linear Models: A Review}},
  journal =      "Statistical Science",
  volume =       "21",
  number =       "3",
  pages =        "376-399",
  year =         "2006"
}



@book{kolmogorov,
   title =     {{Foundations of the Theory of Probability}},
   author =    {Andrey Nikolaevich Kolmogorov},
   publisher = {Chelsea Pub. Co.},
   isbn =      {978-1614275145, 1614275149},
   year =      {1954},
   series =    {},
   edition =   {2},
   volume =    {},
}


@book{kruschke_BDA,
   title =     {{Doing Bayesian Data Analysis: A Tutorial with R and BUGS}},
   author =    {John K. Kruschke},
   publisher = {Academic Press},
   isbn =      {978-0124059160},
   year =      {2010},
   series =    {},
   edition =   {1},
   volume =    {},
}




@article{kullback_leibler,
  author =       "S. Kullback and
  			      R. A. Leibler",
  title =        {{On Information and Sufficiency}},
  journal =      "Ann. Math. Statist.",
  volume =       "22",
  number =       "1",
  pages =        "79-86",
  year =         "1951"
}




@book{lindley_review,
   title =     {{Bayesian Statistics. A Review}},
   author =    {D. V. Lindley},
   publisher = {Society for Industrial  Mathematics},
   isbn =      {9780898710021,0898710022},
   year =      {1987},
   series =    {CBMS-NSF Regional Conference Series in Applied Mathematics},
   edition =   {},
   volume =    {},
   url =       {}
}


@book{lindley_uncertainty,
   title =     {{Understanding Uncertainty}},
   author =    {D. V. Lindley},
   publisher = {John Wiley \& Sons},
   isbn =      {},
   year =      {2006},
   series =    {},
   edition =   {1},
   volume =    {},
   url =       {}
}




@article{lindley_samplesize,
  author =       {D. V. Lindley},
  title =        {{The choice of sample size}},
  journal =      "The Statistician",
  volume =       "46",
  number =       "2",
  pages =        "129-138",
  year =         "1997"
}





@book{nelder_glm,
   title =     {{Generalized Linear Models}},
   author =    {P. McCullagh and
   				J. A. Nelder},
   publisher = {Chapman and Hall},
   isbn =      {},
   year =      {1983},
   series =    {},
   edition =   {2},
   volume =    {},
}




@article{mendoza_pena,
  author =  "Manuel Mendoza and
  		     Eduardo Gutiérrez-Peña",
  title =        {{Decision Theory}},
  journal =      "International Encyclopedia of
Education. Oxford: Elsevier",
  volume =       "7",
  number =       "1",
  pages =        "119--124",
  year =         "2010",
}


@book{notas_bayes,
   title =     {{Estadística Bayesiana}},
   author =    {Manuel Mendoza and
   				Pedro Regueiro},
   publisher = {Instituto Tecnológico Autónomo de México},
   year =      {2011}
}



@book{montgomery_doe,
   title =     {{Design and Analysis of Experiments}},
   author =    {Douglas C. Montgomery},
   publisher = {Wiley},
   isbn =      {978-1118-14692-7},
   year =      {2012},
   series =    {},
   edition =   {8},
   volume =    {},
}



@book{montgomery_lm,
   title =     {{Introduction to Linear Regression Analysis}},
   author =    {Douglas C. Montgomery and
   				Elizabeth A. Peck and
                G. Geoffrey Vining},
   publisher = {Wiley},
   isbn =      {978-0-470-54281-1},
   year =      {2012},
   series =    {Wiley Series in Probability and Statistics},
   edition =   {5},
   volume =    {},
}



@book{montgomery_glm,
   title =     {{Generalized Linear Models with Applications in Engineering and the Sciences}},
   author =    {Raymond H. Myers and
   		        Douglas C. Montgomery and
                G. Geoffrey Vining},
   publisher = {John Wiley \& Sons},
   isbn =      {0-471-35573-9},
   year =      {2002},
   series =    {Wiley Series in probability and Statistics},
   edition =   {1},
   volume =    {},
   url =       {}
}



@article{nelder_wedderburn,
  author =       "J. A. Nelder and
  				  R. W. A. Wedderburn",
  title =        {{Generalized Linear Models}},
  journal =      "Journal of the Royal Statistical Society",
  volume =       "135",
  number =       "3",
  pages =        "370-384",
  year =         "1972"
}


@book{notas_glm_lnieto,
   title =     {{Regresión avanzada (con enfoque Bayesiano)}},
   author =    {L. E. Nieto},
   publisher = {Instituto Tecnológico Autónomo de México},
   url =      {http://allman.rhon.itam.mx/~lnieto},
   year = {2017}
}


@Manual{acebayes,
    title = {{acebayes: Optimal Bayesian Experimental Design using the ACE Algorithm}},
    author = {Antony M. Overstall and
    	      David C. Woods
              and Maria Adamou},
    year = {2017},
    note = {R package version 1.4.1},
    url = {https://CRAN.R-project.org/package=acebayes},
}



@article{Woods_ACE,
  author =       "Antony M. Overstall and
                  David C. Woods",
  title =        {{Bayesian Design of Experiments using Approximate Coordinate Exchange}},
  journal =      "Technometrics In Press",
  volume =       "",
  number =       "",
  pages =        "1-13",
  year =         "2016"
}



@misc{jags,
    author = {Martyn Plummer},
    title = {{JAGS: A program for analysis of Bayesian graphical models using Gibbs sampling}},
    year = {2003}
}




@Manual{R,
    title = {{R: A Language and Environment for Statistical Computing}},
    author = {{R Core Team}},
    organization = {R Foundation for Statistical Computing},
    address = {Vienna, Austria},
    year = {2018},
    url = {https://www.R-project.org/},
  }
  
  




@book{rasmussen_and_williams,
   title =     {{Gaussian Processes for Machine Learning}},
   author =    {Carl E. Rasmussen and
                Christopher K. I. Williams},
   publisher = {The MIT Press},
   isbn =      {0-262-18253-X},
   year =      {2006},
   series =    {},
   edition =   {1},
   volume =    {},
}






@book{ross_probability,
   title =     {{A First Course in Probability}},
   author =    {Sheldon M. Ross},
   publisher = {Pearson},
   isbn =      {},
   year =      {2012},
   series =    {},
   edition =   {9},
   volume =    {},
   url =       {}
}



@article{sacks_etal,
  author =       "Jerome Sacks and
                  William J. Welch and
                  Toby J. Mitchell and
                  Henry P. Wynn",
  title =        {{Design and Analysis of Computer Experiments}},
  journal =      "Statistical Science",
  volume =       "4",
  number =       "4",
  pages =        "409-435",
  year =         "1989"
}


@book{savage,
   title =     {{The Foundations of Statistics}},
   author =    {Leonard Jimmie Savage},
   publisher = {John Wiley \& Sons},
   isbn =      {0486623491, 9780486623498},
   year =      {1954},
   series =    {Wiley Publications in Statistics},
   edition =   {1},
   volume =    {},
}



@Manual{GGally,
    title = {{GGally: Extension to 'ggplot2'}},
    author = {Barret Schloerke and others},
    year = {2017},
    note = {R package version 1.3.2},
    url = {https://CRAN.R-project.org/package=GGally},
  }
  

@Book{MASS,
    title = {{Modern Applied Statistics with S}},
    author = {W. N. Venables and B. D. Ripley},
    publisher = {Springer},
    edition = {4},
    address = {New York},
    year = {2002},
    isbn = {0-387-95457-0},
    url = {http://www.stats.ox.ac.uk/pub/MASS4},
}
  
  
  
@Book{ggplot2,
    author = {Hadley Wickham},
    title = {{ggplot2: Elegant Graphics for Data Analysis}},
    publisher = {Springer-Verlag},
    year = {2009},
    isbn = {978-0-387-98140-6},
    url = {http://ggplot2.org},
}



@article{Woods_etal,
  author =       "David C. Woods and
  				  Antony M. Overstall and
  			      Maria Adamou and
  				  Timothy W. Waite",
  title =        {{Bayesian design of experiments for generalized linear models and dimensional analysis with industrial and scientific application}},
  journal =      "Quality Engineering",
  volume =       "29",
  number =       "1",
  pages =        "91--103",
  year =         "2017"
}



@article{Woods_etal_2006,
  author =       "David C. Woods and
  				  S. M. Lewis and
  			      J. A. Eccleston and
  				  K. G. Russell",
  title =        {{Designs for Generalized Linear Models With Several Variables and Model Uncertainty}},
  journal =      "Technometrics",
  volume =       "48",
  number =       "2",
  pages =        "284--292",
  year =         "2006"
}